<record><leader>00000cas a2200000 a 4500</leader><controlfield tag="001">14161842</controlfield><controlfield tag="008">860829d19371986kyucr ne      0    0eng d</controlfield><datafield ind1=" " ind2=" " tag="010"><subfield code="a">sn 86069441 </subfield></datafield><datafield ind1=" " ind2=" " tag="040"><subfield code="a">KNP</subfield><subfield code="b">eng</subfield><subfield code="c">KNP</subfield><subfield code="d">OCL</subfield><subfield code="d">OCLCQ</subfield><subfield code="d">KYUBL</subfield><subfield code="d">OCLCQ</subfield><subfield code="d">OCLCF</subfield><subfield code="d">OCLCO</subfield></datafield><datafield ind1="1" ind2=" " tag="029"><subfield code="a">AU@</subfield><subfield code="b">000025825547</subfield></datafield><datafield ind1=" " ind2=" " tag="042"><subfield code="a">msc</subfield></datafield><datafield ind1=" " ind2=" " tag="043"><subfield code="a">n-us-ky</subfield></datafield><datafield ind1="0" ind2="0" tag="245"><subfield code="a">Edmonton herald-news.</subfield></datafield><datafield ind1=" " ind2=" " tag="260"><subfield code="a">Edmonton, Metcalfe County, Ky. :</subfield><subfield code="b">E.V. Taylor,</subfield><subfield code="c">1937-1986.</subfield></datafield><datafield ind1=" " ind2=" " tag="300"><subfield code="a">v. :</subfield><subfield code="b">ill.</subfield></datafield><datafield ind1=" " ind2=" " tag="310"><subfield code="a">Semiweekly</subfield></datafield><datafield ind1=" " ind2=" " tag="321"><subfield code="a">Weekly</subfield></datafield><datafield ind1="0" ind2=" " tag="362"><subfield code="a">Vol. 3, no. 24 (June 17, 1937)-88th year, no. 51 (July 11, 1986).</subfield></datafield><datafield ind1=" " ind2=" " tag="515"><subfield code="a">Continues the numbering of the Metcalfe County herald.</subfield></datafield><datafield ind1=" " ind2="0" tag="651"><subfield code="a">Edmonton (Ky.)</subfield><subfield code="v">Newspapers.</subfield></datafield><datafield ind1=" " ind2="0" tag="651"><subfield code="a">Metcalfe County (Ky.)</subfield><subfield code="v">Newspapers.</subfield></datafield><datafield ind1=" " ind2="7" tag="655"><subfield code="a">Newspapers.</subfield><subfield code="2">fast</subfield><subfield code="0">(OCoLC)fst01423814</subfield></datafield><datafield ind1=" " ind2="7" tag="651"><subfield code="a">Kentucky</subfield><subfield code="z">Edmonton.</subfield><subfield code="2">fast</subfield><subfield code="0">(OCoLC)fst01230894</subfield></datafield><datafield ind1=" " ind2="7" tag="651"><subfield code="a">Kentucky</subfield><subfield code="z">Metcalfe County.</subfield><subfield code="2">fast</subfield><subfield code="0">(OCoLC)fst01228740</subfield></datafield><datafield ind1=" " ind2=" " tag="752"><subfield code="a">United States</subfield><subfield code="b">Kentucky</subfield><subfield code="c">Metcalfe</subfield><subfield code="d">Edmonton.</subfield></datafield><datafield ind1="0" ind2="4" tag="780"><subfield code="t">Metcalfe County herald</subfield><subfield code="w">(DLC)sn 86069439</subfield></datafield><datafield ind1="0" ind2="4" tag="780"><subfield code="t">Edmonton news</subfield><subfield code="w">(DLC)sn 86069440</subfield></datafield><datafield ind1="0" ind2="0" tag="785"><subfield code="t">Herald-news (Edmonton, Ky.)</subfield><subfield code="w">(DLC)sn 86011686</subfield></datafield></record>